<?xml version="1.0" encoding="UTF-8"?><collection xmlns="http://www.loc.gov/MARC21/slim"><record><leader>00409nam--2200145-i-4500</leader><controlfield tag="001">000044810</controlfield><controlfield tag="002">20161230</controlfield><controlfield tag="005">20161230201044</controlfield><controlfield tag="008">060222s1000------------r-----000-0-eng-d</controlfield><datafield ind1=" " ind2=" " tag="080"><subfield code="a">530.1</subfield></datafield><datafield ind1=" " ind2=" " tag="100"><subfield code="a">Thomson Sir J.J</subfield></datafield><datafield ind1=" " ind2=" " tag="245"><subfield code="a">Au dela de l`electron</subfield></datafield><datafield ind1=" " ind2=" " tag="260"><subfield code="a">Paris, Hermann Et Cie, 1935, 29p</subfield></datafield><datafield ind1=" " ind2=" " tag="490"><subfield code="a">Actualites Scientifiques Et Industrielles 211 Exposes De Physique Theorique... Xiv</subfield></datafield><datafield ind1=" " ind2=" " tag="852"><subfield code="a">356</subfield></datafield></record></collection>